%%%%%%%%%%%%%%%%%%%%%%%%%%%%%%%%%%%%%%%%%%%%%%%%%%%%%%%%%%%%%%%%%%%%%%%%%%%%%%%
%% Descr:       Vorlage für Berichte der DHBW-Karlsruhe, BibTeX
%% Author:      Prof. Dr. Jürgen Vollmer, vollmer AT dhbw-karlsruhe.de
%% $Id: bericht.bib,v 1.10 2016/03/16 12:27:42 vollmer draft $
%% -*- coding: utf-8 -*-
%%%%%%%%%%%%%%%%%%%%%%%%%%%%%%%%%%%%%%%%%%%%%%%%%%%%%%%%%%%%%%%%%%%%%%%%%%%%%%%

%%%%
%%  declararion of abbreviations
%%%%
@STRING{addison		= "Addison-Wesley"}

%%%%%%%%%%%%%%%%%%%%%%%%%%%%%%%%%%%%%%%%%%%%%%%%%%%%%%%%%%%%%%%%%%%%%%%%%%%%%%%

@BOOK{knuth.1984a,
AUTHOR		= "Knuth, Donald E.",
TITLE		= "The \TeX{}book",
PUBLISHER	= addison,
YEAR		= 1984
}

@BOOK{lamport.1995a,
AUTHOR		= "Lamport, Leslie",
TITLE		= "Das \LaTeX\ Handbuch",
PUBLISHER	= addison,
YEAR		= 1995
}

%%%%%%%%%%%%%%%%%%%%%%%%%%%%%%%%%%%%%%%%%%%%%%%%%%%%%%%%%%%%%%%%%%%%%%%%%%%%%%%

% Referenzieren von URL's
@MISC{dante.2010a,
  AUTHOR	= "Dante",
  TITLE		= "Webseite der \emph{Deutschsprachige Anwendervereinigung TeX e.V.}",
  HOWPUBLISHED 	= "\url{http://www.dante.de}",
  YEAR		= 2010,
  MONTH		= jan
}

@misc{NAOqi,
  title = {{NAOqi} Documentation},
  author = {{Carnegie Mellon University}},
  howpublished = {\url{https://www.cs.cmu.edu/~cga/nao/doc/reference-documentation/dev/naoqi/index.html}},
  year = 2024
}

@misc{wiki_publish_subscribe_pattern,
  author = "Wikipedia",
  title = "Publish–subscribe pattern",
  howpublished = "\url{https://en.wikipedia.org/wiki/Publish–subscribe_pattern}",
  note = "[Online; accessed 22-April-2024]"
}

@misc{itwissen_publish_subscribe_model,
  author = "{ITWissen.info}",
  title = "Publish-Subscribe-Modell (publish-subscribe)",
  howpublished = "\url{https://www.itwissen.info/Publish-Subscribe-Modell-publish-subscribe.html}",
  note = "[Online; accessed 22-April-2024]"
}

@misc{elektronik_kompendium_publish_subscribe,
  author = "{Elektronik-Kompendium.de}",
  title = "Publish-Subscribe-Modell",
  howpublished = "\url{https://www.elektronik-kompendium.de/sites/net/2204051.htm}",
  note = "[Online; accessed 22-April-2024]"
}

@misc{nao_dev_install_guide,
  title = {{Nao Developer Documentation: C++ SDK Installation Guide}},
  author = {Carnegie Mellon University},
  howpublished = {\url{https://www.cs.cmu.edu/~cga/nao/doc/reference-documentation/dev/cpp/install_guide.html}},
  note = {Accessed: April 22, 2024},
  year = {Year of access}
}

@misc{ROSBasicConcepts,
  title = {ROS - Basic Concepts},
  author = {{ROS Documentation Contributors}},
  howpublished = {\url{https://docs.ros.org/en/humble/Concepts/Basic.html}},
  year = {Accessed: 2024-05-05}
}

@misc{AzureMiddleware,
  title = {{What is Middleware?}},
  author = {{Microsoft Azure}},
  howpublished = {\url{https://azure.microsoft.com/en-gb/resources/cloud-computing-dictionary/what-is-middleware/}},
  year = {Accessed: 2024-05-05}
}

@misc{ROSNodes,
  title = {{ROS - About Nodes}},
  author = {{ROS Documentation Contributors}},
  howpublished = {\url{https://docs.ros.org/en/humble/Concepts/Basic/About-Nodes.html}},
  year = {Accessed: 2024-05-05}
}

@misc{ROSInterfaces,
  title = {{ROS - About Interfaces}},
  author = {{ROS Documentation Contributors}},
  howpublished = {\url{https://docs.ros.org/en/humble/Concepts/Basic/About-Interfaces.html}},
  year = {Accessed: 2024-05-05}
}

@misc{ROSTopics,
  title = {{ROS - About Topics}},
  author = {{ROS Documentation Contributors}},
  howpublished = {\url{https://docs.ros.org/en/humble/Concepts/Basic/About-Topics.html}},
  year = {Accessed: 2024-05-05}
}

@misc{ROSParameters,
  title = {{ROS - About Parameters}},
  author = {{ROS Documentation Contributors}},
  howpublished = {\url{https://docs.ros.org/en/humble/Concepts/Basic/About-Parameters.html}},
  year = {Accessed: 2024-05-05}
}

@misc{ROSLaunch,
  title = {{ROS - About Launch}},
  author = {{ROS Documentation Contributors}},
  howpublished = {\url{https://docs.ros.org/en/humble/Concepts/Basic/About-Launch.html}},
  year = {Accessed: 2024-05-05}
}

@misc{wiki-python,
  title = {{Python (Programmiersprache)}},
  author = {{Wikipedia contributors}},
  howpublished = {\url{https://de.wikipedia.org/wiki/Python_(Programmiersprache)}},
  year = {Accessed: 2024-05-05},
}

@misc{offical-python,
  title  = {About Python},
  author = {{Python Software Foundation}},
  url    = {https://www.python.org/about/},
  year   = {Accessed: 2024-05-05}
}

@book{PythonDataScienceHandbook,
  author    = {Jake VanderPlas},
  title     = {Python for Data Science Handbook},
  publisher = {O'Reilly Media},
  url       = {https://jakevdp.github.io/PythonDataScienceHandbook/},
  year      = {2016},
}

@misc{CppWikipedia,
  title = {{C++}},
  author = {{Wikipedia contributors}},
  howpublished = {\url{https://en.wikipedia.org/wiki/C++}},
  year         = {Accessed: 2024-05-05},
}

@misc{CppBibliotheken,
  title = {{C++ Libraries}},
  author = {{cplusplus.com}},
  howpublished = {\url{https://www.cplusplus.com/doc/oldtutorial/libraries/}},
  year = {Accessed: 2024-05-05}
}

@misc{visual_kinematics,
  title = {{Visual Kinematics GitHub Repository}},
  author = {{GitHub user: dbddqy}},
  howpublished = {\url{https://github.com/dbddqy/visual_kinematics}},
  year = {Accessed: 2024-05-05}
}

@misc{wiki-trajektorie,
  title = {{Trajektorie (Physik)}},
  author = {{Wikipedia-Autoren}},
  howpublished = {\url{https://de.wikipedia.org/wiki/Trajektorie_(Physik)}},
  note = {Zugriff auf die Webseite: Datum},
}

@misc{msi_robo_vorlesung,
  title = {{Vorlesung: Roboterkinematik}},
  author = {Bittel, Andreas},
  howpublished = {\url{https://www-home.htwg-konstanz.de/~bittel/msi_robo/Vorlesung/02_Roboterkinematik.pdf}},
  note = {Zugriff auf die PDF-Datei: Datum},
}



%%%%%%%%%%%%%%%%%%%%%%%%%%%%%%%%%%%%%%%%%%%%%%%%%%%%%%%%%%%%%%%%%%%%%%%%%%%%%%%
