% This file was created with Citavi 6.14.0.0

@misc{.2020,
 year = {2020},
 title = {Kanban},
 url = {https://www.ionos.de/digitalguide/websites/web-entwicklung/kanban/},
 urldate = {15.08.2022}
}


@book{Barke.2015,
 author = {Barke, Helena and Siegeris, Juliane and Freiheit, J{\"o}rn and {Krefting Dagmar}},
 year = {2015},
 title = {Gender und IT-Projekte: Neue Wege zu digitaler Teilhabe},
 urldate = {16.08.2022},
 publisher = {{Budrich UniPress Ltd}},
 isbn = {978-3863887094}
}


@misc{Bennekum.2001,
 author = {van Bennekum, Arie and Martin, Robert C. and {Beck Kent} and {Beedle Mike} and {Cockburn Alistair} and {Cunningham Ward} and {Fowler Martin} and {Grenning James} and {Highsmith Jim} and {Hunt Andrew} and {Jeffries Ron} and {Kern Jon} and {Marick Brian} and {Mellor Steve} and {Schwaber Ken} and {Sutherland Jeff} and {Thomas Dave}},
 editor = {van Bennekum, Arie and Martin, Robert C. and {Beck Kent} and {Beedle Mike} and {Cockburn Alistair} and {Cunningham Ward} and {Fowler Martin} and {Grenning James} and {Highsmith Jim} and {Hunt Andrew} and {Jeffries Ron} and {Kern Jon} and {Marick Brian} and {Mellor Steve} and {Schwaber Ken} and {Sutherland Jeff} and {Thomas Dave}},
 year = {2001},
 title = {Manifesto for Agile Software Development},
 url = {https://agilemanifesto.org/},
 urldate = {16.08.2022}
}


@misc{DiehlAndreas.2018,
 author = {{Diehl Andreas}},
 year = {2018},
 title = {Das Agile Manifest -- Leits{\"a}tze und Werte agiler Teams},
 url = {https://digitaleneuordnung.de/blog/agiles-manifest/},
 urldate = {16.08.2022}
}


@misc{Fabris.2021,
 author = {Fabris, Virginia},
 year = {2021},
 title = {Scrum Board: {\"U}berwachen Sie Ihren Projektfortschritt!},
 url = {https://www.appvizer.de/magazin/organisation-planung/projektmanagement/scrum-board},
 urldate = {15.08.2022}
}


@misc{Klanitz.,
 author = {Klanitz, Torsten},
 title = {Kanban},
 url = {refa.de/service/refa-lexikon/kanban#:~:text=Der%20Begriff%20Kanban%20stammt%20aus,Fertigung.},
 urldate = {15.08.2022}
}


@misc{Kooijman.,
 author = {Kooijman, Sebastian},
 title = {Ein Scrum Team zusammenstellen: Empfehlungen aus der Praxis},
 url = {https://agilescrumgroup.de/scrum-team/#:~:text=Scrum%20Regeln&text=Des%20Weiteren%20geht%20Scrum%20von,den%20Product%20Owner%20mit%20eingerechnet.},
 urldate = {15.08.2022}
}


@misc{Mai.2021,
 author = {Mai, Jochen},
 year = {2021},
 title = {Scrum-Methode: Agiles Projektmanagement im Sprint},
 url = {https://deutsche-projekt-akademie.de/2020/08/pm-verstehen-scrum-master-und-entwickler/#:~:text=Der%20Scrum%20Guide%20(die%20Scrum,gleichzeitig%20im%20gleichen%20Projekt%20sein.},
 urldate = {15.08.2022}
}


@misc{Nguyen.2022,
 author = {Nguyen, Maria},
 year = {2022},
 title = {Scrum Methode: Rugby im Projektmanagement},
 urldate = {16.08.2022}
}


@misc{Pfeffer.2019,
 author = {Pfeffer, Joachim},
 year = {2019},
 title = {Scrum},
 url = {https://www.projektmagazin.de/glossarterm/scrum},
 urldate = {15.08.2022}
}


@article{Purushotham.,
 author = {Purushotham, Sowmya and Pulla, Amith},
 title = {Bridging the Gap Between Acceptance Citeria and Definition of Done},
 url = {https://citeseerx.ist.psu.edu/viewdoc/download?doi=10.1.1.1076.5911&rep=rep1&type=pdf},
 urldate = {16.08.2022},
 volume = {2013},
 file = {DOD vs AC:Attachments/DOD vs AC.pdf:application/pdf}
}


@misc{Schwaber.2020,
 author = {Schwaber, Ken and Sutherland, Jeff},
 editor = {Schwaber, Ken and Sutherland, Jeff},
 year = {2020},
 title = {Der Scrum Guide: Der g{\"u}ltige Leitfaden f{\"u}r Scrum: Die Spielregeln},
 url = {https://scrumguides.org/docs/scrumguide/v2020/2020-Scrum-Guide-German.pdf},
 urldate = {16.08.2022}
}


@misc{Sutherland.2020,
 author = {Sutherland, Jeff and Schwaber, Ken},
 year = {2020},
 title = {The 2020 Scrum Guide},
 url = {https://scrumguides.org/scrum-guide.html},
 urldate = {15.08.2022}
}


